@article{biere,
title = "Liveness Checking as Safety Checking",
journal = "Electronic Notes in Theoretical Computer Science",
volume = "66",
number = "2",
pages = "160 - 177",
year = "2002",
note = "FMICS'02, 7th International ERCIM Workshop in Formal Methods for Industrial Critical Systems (ICALP 2002 Satellite Workshop)",
issn = "1571-0661",
doi = "https://doi.org/10.1016/S1571-0661(04)80410-9",
url = "http://www.sciencedirect.com/science/article/pii/S1571066104804109",
author = "Armin Biere and Cyrille Artho and Viktor Schuppan"
}
@book{Murphy,
 author = {Murphy, Kevin P.},
 title = {Machine Learning: A Probabilistic Perspective},
 year = {2012},
 isbn = {0262018020, 9780262018029},
 publisher = {The MIT Press},
}
@article{cdclres,
title = "On the power of clause-learning SAT solvers as resolution engines",
journal = "Artificial Intelligence",
volume = "175",
number = "2",
pages = "512 - 525",
year = "2011",
issn = "0004-3702",
doi = "https://doi.org/10.1016/j.artint.2010.10.002",
url = "http://www.sciencedirect.com/science/article/pii/S0004370210001669",
author = "Knot Pipatsrisawat and Adnan Darwiche",
keywords = "Boolean satisfiability, Clause-learning SAT solvers, DPLL, Proof complexity, Resolution proof"
}
@misc{satres,
title = "SAT Solving and its Relationship to CSPs",
author = "Fahiem Bacchus",
year = "2005",
url = "http://www.cs.toronto.edu/~fbacchus/Presentations/SATandCSP-4up.pdf"
}